<record><leader>00000cas a22000007a 4500</leader><controlfield tag="001">31752497</controlfield><controlfield tag="008">941230d19431945vauwr ne      0    0eng d</controlfield><datafield ind1=" " ind2=" " tag="010"><subfield code="a">sn 94060207 </subfield></datafield><datafield ind1=" " ind2=" " tag="040"><subfield code="a">NVK</subfield><subfield code="b">eng</subfield><subfield code="c">NVK</subfield><subfield code="d">OCLCQ</subfield><subfield code="d">OCLCF</subfield><subfield code="d">OCLCO</subfield></datafield><datafield ind1="1" ind2=" " tag="029"><subfield code="a">AU@</subfield><subfield code="b">000011501271</subfield></datafield><datafield ind1=" " ind2=" " tag="042"><subfield code="a">msc</subfield></datafield><datafield ind1=" " ind2=" " tag="043"><subfield code="a">n-us-va</subfield></datafield><datafield ind1="0" ind2="0" tag="245"><subfield code="a">Speed victory.</subfield></datafield><datafield ind1=" " ind2=" " tag="260"><subfield code="a">Norfolk Navy Yard [Portsmouth, Va.] :</subfield><subfield code="b">Public Relations Office,</subfield><subfield code="c">1943-1945.</subfield></datafield><datafield ind1=" " ind2=" " tag="300"><subfield code="a">v.</subfield></datafield><datafield ind1=" " ind2=" " tag="310"><subfield code="a">Weekly,</subfield><subfield code="b">Mar. 22, 1944-Oct. 11, 1945</subfield></datafield><datafield ind1=" " ind2=" " tag="321"><subfield code="a">Semimonthly,</subfield><subfield code="b">Nov. 24, 1943-Mar. 15, 1944</subfield></datafield><datafield ind1="0" ind2=" " tag="362"><subfield code="a">Vol. 2, no. 21 (Nov. 24, 1943)-v.4, no. 31 (Oct. 11, 1945).</subfield></datafield><datafield ind1=" " ind2=" " tag="500"><subfield code="a">Military base paper.</subfield></datafield><datafield ind1=" " ind2=" " tag="580"><subfield code="a">Vol. 2, no. 21-&lt;22&gt; issued with: Industrial additum.</subfield></datafield><datafield ind1="2" ind2="0" tag="610"><subfield code="a">Norfolk Navy Yard (U.S.)</subfield></datafield><datafield ind1=" " ind2="0" tag="651"><subfield code="a">Portsmouth (Va.)</subfield><subfield code="v">Newspapers.</subfield></datafield><datafield ind1=" " ind2="7" tag="655"><subfield code="a">Newspapers.</subfield><subfield code="2">fast</subfield><subfield code="0">(OCoLC)fst01423814</subfield></datafield><datafield ind1="2" ind2="7" tag="610"><subfield code="a">Norfolk Navy Yard (U.S.)</subfield><subfield code="2">fast</subfield><subfield code="0">(OCoLC)fst00663201</subfield></datafield><datafield ind1=" " ind2="7" tag="651"><subfield code="a">Virginia</subfield><subfield code="z">Portsmouth.</subfield><subfield code="2">fast</subfield><subfield code="0">(OCoLC)fst01213398</subfield></datafield><datafield ind1=" " ind2=" " tag="752"><subfield code="a">United States</subfield><subfield code="b">Virginia</subfield><subfield code="d">Portsmouth.</subfield></datafield><datafield ind1="0" ind2="0" tag="780"><subfield code="t">Norfolk Navy Yard defender</subfield><subfield code="w">(DLC)sn 94060206</subfield></datafield><datafield ind1="0" ind2="0" tag="785"><subfield code="t">Service to the fleet (Portsmouth, Va. : 1945)</subfield><subfield code="w">(DLC)sn 94060198</subfield></datafield><datafield ind1="1" ind2=" " tag="787"><subfield code="t">Industrial additum</subfield><subfield code="w">(DLC)sn 94060184</subfield></datafield></record>